@MISC{funcgeo2,
    author = {Peter Henderson},
    title = {Functional geometry},
    year = {2002}
}
@MISC{funcgeo,
    author = {Peter Henderson},
    title = {Functional Geometry},
    year = {1982}
}